@article{guibas1985,
  author = {Guibas, Leonidas and Stolfi, Jorge},
  title = {Primitives for the Manipulation of General Subdivisions and the Computation of Voronoi Diagrams},
  year = {1985},
  month = {04},
  pages = {74-123},
  volume = {4},
  journal = {ACM Transactions on Graphics},
  doi = {10.1145/282918.282923},
  url = {http://sccg.sk/~samuelcik/dgs/quad_edge.pdf},
  urldate = {2020-11-07}
}

@report{lischinski1993,
  author = {Lischinski, Dani},
  title = {Incremental Delaunay Triangulation},
  year = {1993},
  publisher = {Academic Press, Inc.},
  url = {http://www.karlchenofhell.org/cppswp/lischinski.pdf},
  urldate = {2020-11-07}
}

@article{watson1981,
  author = {Watson, D. F.},
  title = {Computing the $n$-Dimensional Delaunay Tessellation with Application to Voronoi Polytopes},
  year = {1981},
  pages = {167-172},
  volume = {24},
  journal = {The Computer Journal},
  doi = {10.1093/comjnl/24.2.167}
}

@article{bowyer1981,
  author = {Bowyer, A.},
  title = {Computing Dirichlet Tessellations},
  year = {1981},
  pages = {162-166},
  volume = {24},
  journal = {The Computer Journal},
  doi = {10.1093/comjnl/24.2.162}
}

@report{burnikel1998,
  author = {Burnikel, Christoph},
  title = {Delaunay Graphs by Divide and Conquer},
  year = {1998},
  month = {October},
  publisher = {Max-Planck-Institut f√ºr Informatik},
  url = {https://pure.mpg.de/rest/items/item_1819432_4/component/file_2599484/content},
  urldate = {2020-11-07}
}

@online{shewchuk,
  author = {Shewchuk, Jonathan Richard},
  title = {Triangle: Engineering a 2D Quality Mesh Generator and Delaunay Triangulator},
  url = {https://people.eecs.berkeley.edu/~jrs/papers/triangle.pdf},
  urldate = {2020-11-07}
}

@article{dwyer1987,
  author = {Dwyer, Rex A.},
  title = {A Faster Divide-and-Conquer Algorithm for Constructing Delaunay Triangulations},
  year = {1987},
  month = {11},
  pages = {137-151},
  volume = {2},
  journal = {Algorithmica},
  publisher = {Springer-Verlag New York Inc.},
  doi = {10.1007/BF01840356}
}

@article{fuetterling2014,
  author = {Fuetterling, V. and C. Lojewski and F.-J. Pfreundt},
  title = {High-Performance Delaunay Triangulation for Many-Core Computers},
  year = {2014},
  pages = {97-104},
  volume = {2014},
  journal = {High Performance Graphics},
  doi = {10.2312/hpg.20141098}
}

@article{lee1980,
  author = {Lee, D. T. and B. J. Schachter},
  title = {Two Algorithms for Constructing a Delaunay Triangulation},
  year = {1980},
  pages = {219-242},
  volume = {9},
  journal = {International Journal of Computer and Information Sciences},
  doi = {10.1007/BF00977785}
}

@article{cignoni1998,
  author = {Cignoni, P. and C. Montani and R. Scopigno},
  title = {DeWall: A Fast Divide-and-Conquer Delaunay Triangulation Algorithm in $E^d$},
  year = {1998},
  pages = {333-341},
  volume = {30},
  journal = {Computer-Aided Design},
  doi = {10.1016/S0010-4485(97)00082-1}
}

@article{katajainen1988,
  author = {Katajainen, Jyrki and Markku Koppinen},
  title = {Constructing Delaunay Triangulations by Merging Buckets in Quad-Tree Order},
  year = {1988},
  month = {04},
  pages = {275-288},
  volume = {11},
  journal = {Fundamenta Informaticae}
}